<record><leader>00000cas a2200000 a 4500</leader><controlfield tag="001">13291843</controlfield><controlfield tag="008">860313c19369999ncudn ne      0   a0eng d</controlfield><datafield ind1=" " ind2=" " tag="010"><subfield code="a">sn 91066208 </subfield></datafield><datafield ind1=" " ind2=" " tag="040"><subfield code="a">NCS</subfield><subfield code="b">eng</subfield><subfield code="c">NCS</subfield><subfield code="d">NYS</subfield><subfield code="d">NVJ</subfield><subfield code="d">OCL</subfield><subfield code="d">CUS</subfield><subfield code="d">OCLCQ</subfield><subfield code="d">OCLCF</subfield><subfield code="d">OCLCA</subfield><subfield code="d">OCL</subfield></datafield><datafield ind1=" " ind2=" " tag="032"><subfield code="a">685660</subfield><subfield code="b">USPS</subfield></datafield><datafield ind1=" " ind2=" " tag="042"><subfield code="a">msc</subfield></datafield><datafield ind1=" " ind2=" " tag="043"><subfield code="a">n-us-nc</subfield></datafield><datafield ind1="1" ind2="4" tag="050"><subfield code="a">Newspaper</subfield></datafield><datafield ind1="0" ind2="4" tag="245"><subfield code="a">The Wilson daily times.</subfield></datafield><datafield ind1=" " ind2=" " tag="260"><subfield code="a">Wilson, N.C. :</subfield><subfield code="b">P.D. Gold Pub. Co.</subfield></datafield><datafield ind1=" " ind2=" " tag="300"><subfield code="a">v. :</subfield><subfield code="b">ill. ;</subfield><subfield code="c">58 cm.</subfield></datafield><datafield ind1=" " ind2=" " tag="310"><subfield code="a">Daily (except Sunday)</subfield></datafield><datafield ind1="0" ind2=" " tag="362"><subfield code="a">Vol. 36, no. 143 (Aug. 1, 1936)-</subfield></datafield><datafield ind1=" " ind2=" " tag="500"><subfield code="a">Democratic.</subfield></datafield><datafield ind1=" " ind2=" " tag="530"><subfield code="a">Also issued online.</subfield></datafield><datafield ind1=" " ind2=" " tag="580"><subfield code="a">Weekly ed.: Wilson times, 1896-</subfield></datafield><datafield ind1=" " ind2="0" tag="651"><subfield code="a">Wilson (Wilson County, N.C.)</subfield><subfield code="v">Newspapers.</subfield></datafield><datafield ind1=" " ind2="7" tag="651"><subfield code="a">North Carolina</subfield><subfield code="z">Wilson (Wilson County)</subfield><subfield code="2">fast</subfield><subfield code="0">(OCoLC)fst01211839</subfield></datafield><datafield ind1=" " ind2="7" tag="655"><subfield code="a">Newspapers.</subfield><subfield code="2">fast</subfield><subfield code="0">(OCoLC)fst01423814</subfield></datafield><datafield ind1=" " ind2=" " tag="752"><subfield code="a">United States</subfield><subfield code="b">North Carolina</subfield><subfield code="c">Wilson</subfield><subfield code="d">Wilson.</subfield></datafield><datafield ind1="1" ind2=" " tag="775"><subfield code="t">Wilson times</subfield><subfield code="w">(DLC)sn 92073953</subfield></datafield><datafield ind1="0" ind2="0" tag="780"><subfield code="t">Daily times (Wilson, N.C.)</subfield><subfield code="w">(DLC)sn 92073954</subfield></datafield></record>